@ARTICLE{Wainer:Advanced_DEVS_with_application_to_biomedicine,
	AUTHOR = "Gabriel Wainer and Shafagh Jafer and Banan Al-Aubidy and Alex Dias and Roderick Bain and Michel Dumontier and James Cheetham",
	TITLE = "{A}dvanced {DEVS} models with application to biomedicine",
	JOURNAL = "Artificial Intelligence, Simulation and Planning (AIS 2007), Buenos Aires, Argentina"}

@ARTICLE{Turner:Protein_phosphorylation,
	AUTHOR = "Kathryn M. Turner and Robert D. Burgoyne and Alan Morgan",
	TITLE = "{P}rotein phosphorylation and the regulation of synaptic membrane traffic",
	JOURNAL = "Trends in Neurosciences",
	VOLUME = {22},
	NUMBER = {10},
	PAGES = {459-464},
	YEAR = {1999}	}

@ARTICLE{Fdez:Vesicle_pools_and_synapsins,
	AUTHOR = "Elena Fdez and Sabine Hilfiker",
	TITLE = "{V}esicle pools and synapsins: {N}ew insights into old enigmas",
	JOURNAL = "Brain Cell Biology",
	VOLUME = {35},
	PAGES = {107-115},
	YEAR = {2006}	}

@ARTICLE{Wainer:CD++,
	AUTHOR = "Gabriel Wainer",
	TITLE = "{CD}++: a toolkit to develop {DEVS} models",
	JOURNAL = "Software, Practice and Experience",
	VOLUME = {32},
	NUMBER = {3},
	PAGES = {1261-1306},
	YEAR = {2002}	}


